<?xml version="1.0" encoding="UTF-8"?><record xmlns="http://www.loc.gov/MARC21/slim" xmlns:cinclude="http://apache.org/cocoon/include/1.0" xmlns:zs="http://www.loc.gov/zing/srw/">
  <leader>00613cz  a2200169n  4500</leader>
  <controlfield tag="001">no2011056925</controlfield>
  <controlfield tag="003">DLC</controlfield>
  <controlfield tag="005">20130222075152.0</controlfield>
  <controlfield tag="008">110409n| aznnnabbn          |a ana     c</controlfield>
  <datafield tag="010" ind1=" " ind2=" ">
    <subfield code="a">no2011056925</subfield>
  </datafield>
  <datafield tag="035" ind1=" " ind2=" ">
    <subfield code="a">(OCoLC)oca08824749</subfield>
  </datafield>
  <datafield tag="040" ind1=" " ind2=" ">
    <subfield code="a">UPB</subfield>
    <subfield code="b">eng</subfield>
    <subfield code="c">UPB</subfield>
    <subfield code="d">DLC</subfield>
    <subfield code="e">rda</subfield>
  </datafield>
  <datafield tag="100" ind1="3" ind2=" ">
    <subfield code="a">Facer (Family :</subfield>
    <subfield code="g">Facer, Joseph, 1871-1961)</subfield>
  </datafield>
  <datafield tag="376" ind1=" " ind2=" ">
    <subfield code="a">Family</subfield>
    <subfield code="b">Facer, Joseph, 1871-1961</subfield>
  </datafield>
  <datafield tag="500" ind1="1" ind2=" ">
    <subfield code="w">r</subfield>
    <subfield code="i">Progenitor:</subfield>
    <subfield code="a">Facer, Joseph,</subfield>
    <subfield code="d">1871-1961</subfield>
  </datafield>
  <datafield tag="667" ind1=" " ind2=" ">
    <subfield code="a">SUBJECT USAGE: This heading is not valid for use as a subject; use a family name heading from LCSH.</subfield>
  </datafield>
  <datafield tag="670" ind1=" " ind2=" ">
    <subfield code="a">Facer family papers, 1856-1977</subfield>
    <subfield code="b">(descendants of Joseph Facer)</subfield>
  </datafield>
</record>